@misc{thetcpdumpgroup_2020_tcpdump1,
  author = {The Tcpdump Group},
  title = {tcpdump(1) man page | TCPDUMP & LIBPCAP},
  url = {https://www.tcpdump.org/manpages/tcpdump.1-4.99.1.html},
  year = {2020},
  organization = {www.tcpdump.org}
}

@misc{kerrisk_2024_stat2,
  author = {Kerrisk, Michael},
  title = {stat(2) - Linux manual page},
  url = {https://man7.org/linux/man-pages/man2/lstat.2.html},
  year = {2024},
  organization = {man7.org}
}